<?xml version="1.0" encoding="UTF-8"?><collection xmlns="http://www.loc.gov/MARC21/slim"><record><leader>00407nam--2200121-i-4500</leader><controlfield tag="001">000021518</controlfield><controlfield tag="002">20161230</controlfield><controlfield tag="005">20161230201034</controlfield><controlfield tag="008">060222s1000------------r-----000-0-eng-d</controlfield><datafield ind1=" " ind2=" " tag="080"><subfield code="a">624.131.221+41:693.451.41(02)</subfield></datafield><datafield ind1=" " ind2=" " tag="245"><subfield code="a">Indrumator privind executarea lucrarilor de constructii din paminturi argiloase stabilizate</subfield></datafield><datafield ind1=" " ind2=" " tag="260"><subfield code="a">Bucuresti, Ed.De Stat Pentru Arhitectura Si Constructii, 1954. 34p</subfield></datafield><datafield ind1=" " ind2=" " tag="852"><subfield code="a">5313</subfield></datafield></record></collection>